@inproceedings{miller2001capability,
  title={Capability-based financial instruments},
  author={Miller, Mark S and Morningstar, Chip and Frantz, Bill},
  booktitle={Financial Cryptography},
  pages={349--378},
  year={2001},
  organization={Springer}
}

@misc{freimarkets,
title={Freimarkets: extending bitcoin protocol with user-speciÔ¨Åed bearer instruments, peer-to-peer exchange, off-chain accounting, auctions, derivatives and transitive transactions},
howpublished={\url{http://freico.in/docs/freimarkets.pdf}},
author={Mark Friedenbach and Jorge Timon},
year={2013},
month={August}
}



@misc{jgarzik-smartcoin,
title={Smartcoin: Distributed smart property software},
author={Jeff Garzik},
url={https://github.com/jgarzik/smartcoin},
year={2012}
}

@misc{bitcointalk-bondmarkets,
title={Distributed bond markets and pay-to-policy outputs},
url={https://bitcointalk.org/index.php?topic=92421.0},
author={Mike Hearn},
year={2012}
}

@article{szabo1997formalizing,
  title={Formalizing and securing relationships on public networks},
  author={Szabo, Nick},
  journal={First Monday},
  volume={2},
  number={9},
  year={1997}
}

@misc{tiernolan,
 url={https://bitcointalk.org/index.php?topic=193281#msg2224949},
 title={Alt chains and atomic transfers},
 year={2013},
 month={May},
 author={Tier Nolan}
}

@misc{mastercoin,
 howpublished={\url{https://sites.google.com/site/2ndbtcwpaper/MasterCoin\%20Specification\%201.1.pdf}},
 author={J. R. Willett},
 year={2013},
 title={MasterCoin Complete Specification, v1.1}
}

@misc{coloredcoins,
   title={Overview of Colored Coins},
   author={Meni Rosenfeld}, 
   year={2012},
   url={https://bitcoil.co.il/BitcoinX.pdf}
}

@misc{bitcointalk-coloredcoins,
   title={ArmoryX (colored coins): issue and trade private currencies/stocks/bonds/etc},
   author={killerstorm},
   year={2012},
   url={https://bitcointalk.org/index.php?topic=106373.0}
}


@inproceedings{bitcoinsnack,
  title={Have a snack, pay with Bitcoins},
  author={Bamert, Tobias and Decker, Christian and Elsen, Lennart and Wattenhofer, Roger and Welten, Samuel},
  booktitle={Peer-to-Peer Computing (P2P), 2013 IEEE Thirteenth International Conference on},
  pages={1--5},
  year={2013},
  organization={IEEE}
}

@inproceedings{decker2013information,
  title={Information propagation in the bitcoin network},
  author={Decker, Christian and Wattenhofer, Roger},
  booktitle={Peer-to-Peer Computing (P2P), 2013 IEEE Thirteenth International Conference on},
  pages={1--10},
  year={2013},
  organization={IEEE}
}

@misc{headerssync,
   title={Switch to headers-based synchronization},
   author={Pieter Wuille},
   howpublished={Pull request, \url{https://github.com/sipa/bitcoin/commit/b230a6599e884e158fe49e2cf946801eea83dcaa}},
}

@misc{blocknetworkcoding,
  title={block network coding},
  author={Greg Maxwell},
  howpublished={Wiki article: \url{https://en.bitcoin.it/wiki/User:Gmaxwell/block_network_coding}}
}

@misc{satoshi-bitcoin,
  title = {{Bitcoin: A Peer-to-Peer Electronic Cash System}},
  author = {Satoshi Nakamoto},
  howpublished = {\url{http://bitcoin.org/bitcoin.pdf}},
  year = {2009},
}

@misc{bitcoin.org,
  title = {{Bitcoin - P2P Digital Currency}},
  howpublished = {\url{http://bitcoin.org}},
  key = {Bitcoin},
}



@inproceedings{kroll2013bitcoin:weis,
    title = "The Economics of {B}itcoin Mining, or {B}itcoin in the Presence of Adversaries",
    author = "Joshua A. Kroll and Ian C. Davey and Edward W. Felten",
    booktitle = "{W}orkshop on the {E}conomics of {I}nformation {S}ecurity",
    location = "Washington, DC",
    month = Jun,
    year = 2013,
}
@misc{goldfinger,
  title = {Goldfinger},
  author = {{G. Hamilton (Dir.)}},
  year = 1964,
  howpublished = {United Artists},
}

@book{goldfinger-book,
  title = {Goldfinger},
  author = {Ian Fleming},
  publisher = {Jonathan Cape},
  year = {1959},
}

@misc{mtgox,
  title = {{Mt. Gox - Bitcoin Exchange}},
  howpublished = {\url{http://mtgox.com}},
  key = {Mt. Gox}
}

@misc{silkroadStudy,
  title={{Commerce and Reputation in Online Illegal Drug Markets}},
  author = {Timothy Bauman},
  howpublished = {Princeton University Senior Thesis},
  year = 2013,
}


@inproceedings{androulaki2013evaluating,
  title={{Evaluating User Privacy in Bitcoin}},
  author={Androulaki, Elli and Karame, Ghassan O and Roeschlin, Marc and Scherer, Tobias and Capkun, Srdjan},
  booktitle = {Proceedings of Financial Cryptography},
  year = 2013,
}

@inproceedings{karame2012double,
  title={Double-spending fast payments in {B}itcoin},
  author={Karame, Ghassan O and Androulaki, Elli and Capkun, Srdjan},
  booktitle={{Proceedings of the 2012 ACM conference on Computer and Communications Security}},
  pages={906--917},
  year={2012},
  organization={ACM}
}

@inproceedings{ron2013quantitative,
  title={{Quantitative Analysis of the Full Bitcoin Transaction Graph}},
  author={Ron, Dorit and Shamir, Adi},
  booktitle = {Proceedings of Financial Cryptography},
  year = 2013,
}

@inproceedings{babaioff2012bitcoin,
  title={{On Bitcoin and Red Balloons}},
  author={Babaioff, Moshe and Dobzinski, Shahar and Oren, Sigal and Zohar, Aviv},
  booktitle={Proceedings of the 13th ACM Conference on Electronic Commerce},
  pages={56--73},
  year={2012},
  organization={ACM}
}

@misc{back2002hashcash,
  title={Hashcash-a denial of service counter-measure},
  author={Back, Adam and others},
  howpublished={\url{http://www.hashcash.org/papers/hashcash.pdf}},
  year={2002}
}

@misc{bmoney,
  title={b-money},
  author={Wei Dai},
  howpublished={\url{http://www.weidai.com/bmoney.txt}},
  year=1998,
}

@misc{lauriecoin,
  title={An Efficient Distributed Currency},
  author={Laurie, Ben},
  year={2011},
  howpublished={Online, \url={http://www.links.org/files/distributed-currency.pdf}}
}

@inproceedings{laurie2004proof,
  title={Proof-of-work proves not to work},
  author={Laurie, Ben and Clayton, Richard},
  booktitle={Workshop on Economics and Information Security},
  volume={2004},
  year={2004}
}

@inproceedings{dwork1993pricing,
  title={Pricing via processing or combatting junk mail},
  author={Dwork, Cynthia and Naor, Moni},
  booktitle={CRYPTO},
  year={1992},
}

@book{schelling,
  title={The Strategy of Conflict},
  author={Thomas C. Schelling},
  year=1960,
  publisher={Harvard University Press}
}

@misc{manchinletter,
  title={Manchin Urges Federal Law Enforcement to Shut Down Online Black Market for Illegal Drugs},
  howpublished={\url{http://manchin.senate.gov/public/index.cfm/press-releases?ID=284ae54a-acf1-4258-be1c-7acee1f7e8b3}},
  year=2011,
  author={Charles E. Schumer and Joe Manchin},
}

@inproceedings{barber2013bitter,
  title={{Bitter to Better---How to Make Bitcoin a Better Currency}},
  author={Simon Barber and Xavier Boyen and Elaine Shi and and Ersin Uzun},
  booktitle={{Proceedings of Financial Cryptography}},
  year=2013,
}

@misc{fbibitcoin,
  title={{Bitcoin Virtual Currency: Unique Features Present Distinct Challenges for Deterring Illicit Activity}},
  howpublished={\url{http://www.wired.com/images_blogs/threatlevel/2012/05/Bitcoin-FBI.pdf}},
  author={{FBI Directorate of Intelligence Cyber Intelligence Section and Criminal Intelligence Section}},
  year=2012,
}

@inproceedings{chaum1982blind,
  title={Blind signatures for untraceable payments},
  author={Chaum, David},
  booktitle={Advances in Cryptology: Proceedings of Crypto},
  volume={82},
  pages={199--203},
  year={1982}
}

@inproceedings{permacoin,
  title={Permacoin: Repurposing Bitcoin Work for Data Preservation},
  author={Miller, Andrew and Juels, Ari and Shi, Elaine and Parno, Bryan and Katz, Jonathan},
  booktitle={To appear, IEEE Security and Privacy (Oakland)},
  year={2014},
  month={May}
}

@article{nash1951non,
  title={Non-cooperative games},
  author={Nash, John},
  journal={{Annals of Mathematics}},
  volume={54},
  number={2},
  pages={286--295},
  year={1951}
}

@misc{sipa.be,
  title={Bitcoin Network Graphs},
  author={Pieter Wuille},
  howpublished={\url{http://bitcoin.sipa.be/}},
  key={sipa.be},
}

@misc{poolwatch,
  title={{Neighborhood Pool Watch}},
  author={{organofcorti}},
  howpublished={\url{http://organofcorti.blogspot.com/}},
}

@misc{btcguild,
  title={B{TC} {G}uild},
  howpublished={\url{http://www.btcguild.com}},
  key={BTC Guild},
}

@misc{greenaddress,
  howpublished={\url{https://bitcointalk.org/index.php?topic=32818.0}},
  title={Instawallet introduces new approach to instant payment: Green address technique},
  year={2011},
  month={July},
  author={jav},
}

@article{miers2013zerocoin,
  title={{Zerocoin: Anonymous Distributed E-Cash from Bitcoin}},
  author={Miers, Ian and Garman, Christina and Green, Matthew and Rubin, Aviel D},
  year={2013},
  journal={{IEEE Symposium on Security and Privacy}},
}

 @incollection{breadpudding,
  title={Proofs of work and bread pudding protocols},
  author={Jakobsson, Markus and Juels, Ari},
  booktitle={Secure Information Networks},
  pages={258--272},
  year={1999},
  publisher={Springer}
}

@inproceedings{becker2012can,
  title={{Can We Afford Integrity by Proof-of-Work? Scenarios Inspired by the Bitcoin Currency}},
  author={Becker, J{\"o}rg and Breuker, Dominic and Heide, Tobias and Holler, Justus and Rauer, Hans and B{\"o}hme, Rainer},
  booktitle={Workshop on the Economics of Information Security},
  year={2012}
}

@book{skyrms2003stag,
  title={The stag hunt and the evolution of social structure},
  author={Skyrms, Brian},
  year={2003},
  publisher={Cambridge University Press}
}

@inproceedings{eyal2013majority,
  title={Majority is not enough: Bitcoin mining is vulnerable},
  author={Eyal, Ittay and Sirer, Emin G{\"u}n},
  booktitle={Financial Cryptography and Data Security},
  year={2014},
  month={March}
}

@misc{bitcoin-fork-news,
  title={Major glitch in {B}itcoin network sparks sell-off; price temporarily falls 23\%},
  howpublished={\url{http://arstechnica.com/business/2013/03/major-glitch-in-bitcoin-network-sparks-sell-off-price-temporarily-falls-23/}},
  author={Timothy B. Lee},
  date={March 11, 2013}
}

@misc{bitcoin-crash-news,
  title={Bitcoin Suffers A Correction Amid Apparent DDOS Attacks On Some Exchanges},
  howpublished={\url{http://techcrunch.com/2013/04/10/bitcoin-crash/}},
  author={Kim-Mai Cutler},
  date={April 10, 2013},
}

@inproceedings{mixcoin,
  title={Mixcoin: Anonymity for Bitcoin with accountable mixes},
  author={Bonneau, Joseph and Narayanan, Arvind and Miller, Andrew and Clark, Jeremy and Kroll, Joshua A and Felten, Edward W},
  booktitle={Financial Cryptography and Data Security},
  year={2014},
  month={March}
}

@article{moore2013beware,
  title={Beware the Middleman: Empirical Analysis of Bitcoin-Exchange Risk},
  author={Moore, Tyler and Christin, Nicolas},
  journal={Financial Cryptography},
  year={2013},
}

@book{suber1990paradox,
  title={The paradox of self-amendment},
  author={Suber, Peter},
  year={1990},
  publisher={Peter Lang New York}
}

@misc{
  year={2012},
  month={1},
  author={Gavin Andresen},
  title={Pay to Script Hash},
  howpublished={Bitcoin Improvement Proposal (BIP16) \url{https://github.com/bitcoin/bips/blob/master/bip-0016.mediawiki}}
}

@misc{bitcoin-news-winklevoss,
  title={Never Mind {F}acebook; {W}inklevoss Twins Rule in Digital Money},
  howpublished={\url{http://dealbook.nytimes.com/2013/04/11/as-big-investors-emerge-bitcoin-gets-ready-for-its-close-up/}},
  author={Nathaniel Popper AND Peter Lattman},
  date={April 11, 2013}
}

@misc{btcfoundation,
  title={Bitcoin {F}oundation},
  howpublished={\url{https://bitcoinfoundation.org}},
  key={Bitcoin Foundation}
}

@article{ochs1989experimental,
  title={An experimental study of sequential bargaining},
  author={Ochs, Jack and Roth, Alvin E},
  journal={The American Economic Review},
  pages={355--384},
  year={1989},
}

@misc{Litecoin,
  title = {{Litecoin - Open source P2P digital currency}},
  howpublished = {\url{http://litecoin.org/}},
  key = {Litecoin},
}

@misc{Freicoin,
  title = {Freicoin - easy-to-use demurrage currency},
  howpublished = {\url{http://freico.in/}},
  key = {Freicoin},
}

@misc{p2ptradex,
  howpublished={\url{https://bitcointalk.org/index.php?topic=91843.0}},
  title={P2PTradeX: P2P Trading between cryptocurrencies},
  author={Sergio Demian Lerner},
  year={2012},
  month={July},
}

@incollection{reid2013analysis,
  title={An analysis of anonymity in the bitcoin system},
  author={Reid, Fergal and Harrigan, Martin},
  booktitle={Security and Privacy in Social Networks},
  pages={197--223},
  year={2013},
  publisher={Springer}
}




@misc{fairmultiparty,
  title = {Secure Multiparty Computations on Bitcoin},
  author = {Andrychowicz, Martin and Dziembowski, Stefan and Malinowski, Daniel and Mazurek, Luke}
}

@incollection{commitcoin,
  title={CommitCoin: carbon dating commitments with Bitcoin},
  author={Clark, Jeremy and Essex, Aleksander},
  booktitle={Financial Cryptography and Data Security},
  pages={390--398},
  year={2012},
  publisher={Springer}
}